@misc{hepix2017,
  title        = {\href{https://indico.cern.ch/event/595396/contributions/2557938/}{CERN IT--Storage Strategy Outlook}},
  author       = {Luca Mascetti and Julien Leduc and Alberto Pace/CERN},
  note         = {Presentation at HEPiX Spring 2017 Workshop}
}

@mastersthesis{cristina,
  title        = {\href{https://cds.cern.ch/record/2282014/}{Enhancing the low-level tape layer of CERN Tape Archive software}},
  author       = {Cristina-Gabriela Moraru/CERN},
  school       = {University Politehnica of Bucharest},
  month        = {September},
  year         = {2017},
}



%
% German's references
%

@misc{lto_shipments,
  title        = {\href{https://www.lto.org/2017/04/the-lto-program-continues-to-break-year-over-year-records-in-total-tape-capacity-shipped/}{The
                  LTO Program Continues to Break Year-over-year Records In Total Tape Capacity Shipped}},
  author       = {The LTO Consortium},
  month        = {April},
  year         = {2017},
  note         = {Summary of LTO Program Technology Provider Companies Annual Tape Media Shipment Report}
}

@misc{clipper_group,
  title        = {\href{http://www.clipper.com/research/TCG2015008.pdf}{The Impact of LTO-7 on the TCO of Long-Term Storage}},
  author       = {Mike Kahn and David Reine/The Clipper Group},
  month        = {September},
  year         = {2015},
  note         = {The Clipper Group Calculator}
}

@misc{backblaze,
  title        = {\href{https://www.backblaze.com/blog/cloud-storage-hardware/}{The Hardware Inside B2 Cloud Storage/Storage Pod 5.0}},
  author       = {Tim Nufire},
  month        = {November},
  year         = {2015},
  note         = {BackBlaze Blog}
}

@misc{holographic,
  title        = {\href{http://www.hughsnews.ca/akonia-demos-2-0-tbitin2-holographic-data-storage-0052812}{Akonia Demos 2.0 Tbit/in$^{2}$ Holographic Data Storage}},
  author       = {Hugh Bennett},
  month        = {March},
  year         = {2015},
  note         = {Akonia Holographics Press Release}
}

@article{cern_storage_markets,
  title        = {\href{https://twiki.cern.ch/twiki/pub/Main/TechMarketDocuments/storage_technology_and_markets_2017_v10.pdf}{Storage Technology and Markets}},
  author       = {Bernd Panzer-Steindel/CERN},
  month        = {June},
  year         = {2017}
}

@misc{ibm_tape_roadmap,
  title        = {\href{http://cern.ch/go/Fw8p}{The Future of Tape!}},
  author       = {Josef Weingand/IBM},
  note         = {Presentation by IBM DACH (Data Protection and Retention Group), 2015}
}

@misc{spectralogic,
  title        = {\href{http://cern.ch/go/7xbH}{State of the Tape Storage Industry/Tape Technology Roadmap}},
  author       = {Mike Grayson/Spectra Logic},
  note         = {Presentation at Data Migration Framework Users' Group, DMF-UG 2017}
}

@article{insic_roadmap,
  title        = {\href{http://cern.ch/go/8mRB}{2015--2025 International Magnetic Tape Storage Roadmap}},
  author       = {Information Storage Industry Consortium (INSIC)},
}

@misc{astc_roadmap,
  title        = {\href{http://idema.org/?page\_id=5868}{Disk Technology Roadmap}},
  author       = {Advanced Storage Technology Consortium (ASTC)},
  year         = {2016}
}

@misc{monster_nodes,
  title        = {\href{https://twiki.cern.ch/twiki/bin/view/DSSGroup/FutureDiskServers2016}{``Monster'' Node Testing @ CERN IT}},
  author       = {Roberto Valverde Cameselle/CERN},
  note         = {2016}
}

@misc{optical_library,
  title        = {\href{http://www.everspan.com/assets/img/specs/G00_AD-Library_Data_Sheet_GA_V092.pdf}{Sony Everspan Library Specifications}},
  author       = {Sony},
}



%
% Ph.D. Refs
%

@misc{datacentre,
  title        = {Processing {LHC} Data},
  author       = {CERN},
  howpublished = {\url{http://cern.ch/go/hRC7}},
  month        = {Apr},
  year         = {2013},
  note         = {YouTube Video}
}

@misc{rao_patent,
  title        = {Tape drives generating best access order of randomly stored files on a tape},
  author       = {Oracle Corporation},
  howpublished = {\url{http://patents.justia.com/patent/9696915}},
  month        = {Oct},
  year         = {2016},
  note         = {U.S. Patent #9696915}
}

@misc{icetier,
  title        = {{IceTier}: Swift Object Storage on Tape},
  author       = {Slavisa Sarafijanovic},
  howpublished = {\url{http://cern.ch/go/tQ7C}},
  month        = {Nov},
  year         = {2016},
  note         = {Presentation at the Future of Data Protection and Retention Workshop, 12--13 Nov. 2016, IBM Research, Z\"{u}rich, Switzerland}
}

@misc{cern_200pb,
  title        = {{CERN} Data Centre passes the 200-petabyte milestone},
  author       = {M\'{e}lissa Gaillard},
  howpublished = {\url{http://cern.ch/go/7TVs}},
  month        = {Jul},
  year         = {2017},
  note         = {CERN press release}
}

@misc{ibm_330tb,
  title        = {IBM Achieves the Worldâ€™s Highest Areal Recording Density for Magnetic Tape Storage},
  author       = {IBM},
  howpublished = {\url{http://cern.ch/go/FQ9s}},
  month        = {Aug},
  year         = {2017},
  note         = {YouTube Video}
}

